% Encoding: UTF-8
@comment{x-kbibtex-encoding=utf-8}

@TechReport{master_index_swing_validation_document,
  author      = {QRM},
  title       = {{QRM}: Master indexed swing validation document},
  institution = {Quantitative Risk Modelling},
  year        = {2016},
  note        = {Francesco Siano},
  localfile   = {\\\\trading1\\Risk Management\\RiskModelling\\ModelValidation\\3_Validated models documentation\\Master indexed swing validation document.pdf},
}

@TechReport{indexed_swing_scope,
  author      = {QRM},
  title       = {{QRM}: Scope for the validation of the Indexed Price Swing Model},
  institution = {Quantitative Risk Modelling},
  year        = {2015},
  note        = {Francesco Siano},
  file        = {\\\\trading1\\Risk Management\\RiskModelling\\ModelValidation\\references\\ScopeForValidationIndexedPriceSwingModel.pdf},
  shorthand   = {QRM 2015-034-1},
}

@TechReport{indexed_swing_eneral,
  author      = {QRM},
  title       = {{QRM}: General Validation of the Indexed Price Swing Model},
  institution = {Quantitative Risk Modelling},
  year        = {2015},
  note        = {Francesco Siano},
  file        = {\\\\trading1\\Risk Management\\RiskModelling\\ModelValidation\\3_Validated models documentation\\General_Validation_Indexed_Swing .pdf},
  shorthand   = {QRM 2015-034-2},
}

@TechReport{QRM2015-034,
  author      = {QRM},
  title       = {{QRM 2015-034}: Validation of the Indexed Price Swing Model - 303 indexing},
  institution = {Quantitative Risk Modelling},
  year        = {2015},
  number      = {2015 - 034},
  note        = {Francesco Siano},
  localfile   = {\\\\trading1\\Risk Management\\RiskModelling\\ModelValidation\\3_Validated models documentation\\QRM 2015 - 034 ValidationIndexedPriceSwingModel_303.pdf},
  shorthand   = {QRM 2015-034-3},
}

@TechReport{QRM2015-035,
  author      = {QRM},
  title       = {{QRM 2015-035}: Validation of Month Ahead 101 indexed swing},
  institution = {Quantitative Risk Modelling},
  year        = {2015},
  number      = {2015 - 035},
  note        = {Dimitar Tonev},
  localfile   = {\\\\trading1\\Risk Management\\RiskModelling\\ModelValidation\\3_Validated models documentation\\QRM 2015 - 035 Validation_Indexed_Swing_101MA.pdf},
  shorthand   = {QRM 2015-035},
}

@TechReport{indexed_pca,
  author      = {QRM},
  title       = {{QRM}: Validation of the PCA extension to the Indexed Price Swing Model},
  institution = {Quantitative Risk Modelling},
  year        = {2015},
  note        = {Francesco Siano},
  file        = {\\\\trading1\\Risk Management\\RiskModelling\\ModelValidation\\3_Validated models documentation\\PCA_extension_Indexed_Swing.pdf},
  shorthand   = {QRM 2015-037},
}

@TechReport{QRM2016-040,
  author      = {QRM},
  title       = {{QRM 2016-040}: Validation of the weight for the Indexed Strike Swing model},
  institution = {Quantitative Risk Modelling},
  year        = {2016},
  number      = {2016 - 040},
  note        = {Francesco Siano},
  localfile   = {\\\\trading1\\Risk Management\\RiskModelling\\ModelValidation\\3_Validated models documentation\\QRM 2016 - 040 ValidationWeightIndexedStrike.pdf},
  shorthand   = {QRM 2016-040},
}

@TechReport{QRM2016-041,
  author      = {QRM},
  title       = {{QRM 2016-041}: Validation of Intraday Nominations for Swing Deals},
  institution = {Quantitative Risk Modelling},
  year        = {2016},
  number      = {2016 - 041},
  note        = {Dominykas Grigonis},
  localfile   = {\\\\trading1\\Risk Management\\RiskModelling\\ModelValidation\\3_Validated models documentation\\QRM 2016 - 041 Intraday Nominations.pdf},
  shorthand   = {QRM 2016-041},
}

@TechReport{QRM2016-042,
  author      = {QRM},
  title       = {{QRM 2016-042}: Validation of the Indexed Strike Swing model with indexing type 3-3-3},
  institution = {Quantitative Risk Modelling},
  year        = {2016},
  number      = {2016 - 042},
  note        = {Francesco Siano},
  localfile   = {\\\\trading1\\Risk Management\\RiskModelling\\ModelValidation\\3_Validated models documentation\\QRM 2016 - 042 Indexed Swing with indexation 3-3-3 and ref cont quarter two ahead.pdf},
  shorthand   = {QRM 2016-042},
}

@TechReport{QRM2016-050,
  author      = {QRM},
  title       = {{QRM 2016-050}: Validation of 12-0-12 indexed swing},
  institution = {Quantitative Risk Modelling},
  year        = {2016},
  number      = {2016 - 050},
  note        = {Juan Ignacio Gil G\'{o}mez},
  localfile   = {\\\\trading1\\Risk Management\\RiskModelling\\ModelValidation\\3_Validated models documentation\\QRM 2016 - 050 Validation_Indexed_Swing_12012.pdf},
  shorthand   = {QRM 2016-050},
}

@TechReport{QRM2015-038,
  author      = {QRM},
  title       = {{QRM 2015-038}: Validation of the Dubai payoff},
  institution = {Quantitative Risk Modelling},
  year        = {2015},
  number      = {2015 - 038},
  note        = {Francesco Siano},
  localfile   = {\\\\trading1\\Risk Management\\RiskModelling\\ModelValidation\\3_Validated models documentation\\QRM 2015 - 038 ValidationDubai.pdf},
  shorthand   = {QRM 2015-038},
}

@TechReport{QRM2015-051,
  author      = {QRM},
  title       = {{QRM 2015-051}: Validation Dubai on last index day},
  institution = {Quantitative Risk Modelling},
  year        = {2016},
  note        = {Juan Ignacio Gil G\'{o}mez},
  localfile   = {\\\\trading1\\Risk Management\\RiskModelling\\ModelValidation\\3_Validated models documentation\\QRM 2016 - 051 Validation Dubai on last index day.pdf},
}

@TechReport{QRM2016-052,
  author      = {QRM},
  title       = {{QRM 2016-052}: Validation of a swing option with monthly at delivery},
  institution = {Quantitative Risk Modelling},
  year        = {2016},
  number      = {2015 - 052},
  note        = {Juan Ignacio Gil G\'{o}mez},
  localfile   = {\\trading1\Risk Management\RiskModelling\ModelValidation\3_Validated models documentation\QRM 2016 - 052 Validation_Monthly_Swing.pdf},
  shorthand   = {QRM 2015-052},
}

@TechReport{QRM2017-054,
  author      = {QRM},
  title       = {{QRM 2017-054}: Validation of the transformation of a delta to a moneyness based volatility surface},
  institution = {Quantitative Risk Modelling},
  year        = {2017},
  number      = {2017 - 054},
  note        = {Francesco Siano},
  localfile   = {\\\\trading1\\Risk Management\\RiskModelling\\ModelValidation\\3_Validated models documentation\\empty.pdf},
}

@TechReport{LSMC-Doc,
  author      = {QD},
  title       = {{QD}: Least Squares Monte Carlo Technical Documentation},
  institution = {Quantitative Development},
  year        = {2014},
  localfile   = {\\\\trading1\\Risk Management\\RiskModelling\\ModelValidation\\references\\LsmcTechnicalDocumentation.pdf},
  shorthand   = {QD-2014},
}

@TechReport{LSMC-Index,
  author      = {QD},
  title       = {{QD}: Using LSMC for indexed contracts},
  institution = {Quantitative Development},
  year        = {2015},
  localfile   = {\\\\trading1\\Risk Management\\RiskModelling\\ModelValidation\\references\\LsmcForIndexedContracts.pdf},
  shorthand   = {QD-2015},
}

@book{gatheral,
	author = {Jim Gatheral},
	isbn = {978-0471792512},
	publisher = {John Wiley \& Sons},
	title = {The Volatility Surface: A Practitioner's Guide},
	year = 2006
}

@misc{mkl,
	title = {MKL website},
	url = {https://software.intel.com/en-us/intel-mkl}
}

@article{pme,
	author = {P.W. Buchen and M. Kelly},
	journal = {Journal of Financial and Quantitative Analysis},
	number = {1},
	title = {The maximum entropy distribution of an asset inferred from option prices},
	volume = {31},
	year = {1996}
}

@TechReport{QD-composite_contract,
  author      = {QD},
  title       = {{QD}: Composite contracts and intrinsic oil indexed swing valuation},
  institution = {Quantitative Development},
  year        = {2017},
  note        = {Petra Chong},
  localfile   = {:\\\\trading1\\Risk Management\\RiskModelling\\ModelValidation\\references\\Composite contracts and intrinsic oil indexed swing valuation.html:URL},
}

@TechReport{bachelier,
  author      = {QD},
  title       = {Bachelier model for European Options applied to Transport Options},
  institution = {Quantitative Development},
  year        = {2017},
  note        = {Richard Palmieri},
}

@TechReport{QRM2017-057,
  author      = {QRM},
  title       = {Calibration Bachelier},
  institution = {Quantitative Risk Modelling},
  year        = {2017},
  number      = {2017 - 057},
  note        = {Francesco Siano},
  file        = {\\\\trading1\\Risk Management\\RiskModelling\\ModelValidation\\3_Validated models documentation\\QRM 2017- 057 CalibrationBachelier.pdf},
}

@TechReport{feasibilityregion,
  author      = {QD},
  title       = {{QD} feasibility region.ipynb},
  institution = {Quantitative Development},
  year        = {2017},
  note        = {Alexandre Ichoua},
}

@TechReport{periodconstraints,
  author      = {QD},
  title       = {{QD} 2.0rc swing period constraints.ipynb},
  institution = {Quantitative Development},
  year        = {2017},
}

@Comment{jabref-meta: databaseType:bibtex;}
